<record><leader>00000cas a2200000 a 4500</leader><controlfield tag="001">12041030</controlfield><controlfield tag="008">850516d19211947nyuwr ne      0    0eng c</controlfield><datafield ind1=" " ind2=" " tag="010"><subfield code="a">sn 85054481 </subfield></datafield><datafield ind1=" " ind2=" " tag="040"><subfield code="a">NYG</subfield><subfield code="b">eng</subfield><subfield code="c">NYG</subfield><subfield code="d">NYS</subfield><subfield code="d">OCLCQ</subfield><subfield code="d">NYS</subfield><subfield code="d">OCLCQ</subfield><subfield code="d">OCLCF</subfield><subfield code="d">OCLCO</subfield></datafield><datafield ind1="1" ind2=" " tag="029"><subfield code="a">AU@</subfield><subfield code="b">000020380700</subfield></datafield><datafield ind1=" " ind2=" " tag="042"><subfield code="a">pcc</subfield></datafield><datafield ind1=" " ind2=" " tag="043"><subfield code="a">n-us-ny</subfield></datafield><datafield ind1="0" ind2="0" tag="245"><subfield code="a">Sag Harbor express and the news and the corrector.</subfield></datafield><datafield ind1="1" ind2="7" tag="246"><subfield code="a">Sag Harbor express</subfield></datafield><datafield ind1="1" ind2=" " tag="246"><subfield code="i">Includes section with separate numbering:</subfield><subfield code="a">Shelter Islander</subfield><subfield code="f">Sept. 12, 1930-&lt;1941&gt;</subfield></datafield><datafield ind1=" " ind2=" " tag="260"><subfield code="a">Sag Harbor, Suffolk County, N.Y. :</subfield><subfield code="b">Sag Harbor Pub. Co.,</subfield><subfield code="c">1921-1947.</subfield></datafield><datafield ind1=" " ind2=" " tag="300"><subfield code="a">v.</subfield></datafield><datafield ind1=" " ind2=" " tag="310"><subfield code="a">Weekly</subfield></datafield><datafield ind1="0" ind2=" " tag="362"><subfield code="a">Apr. 7, 1921-Jan. 12, 1922 ; v. 63, no. 28 (Jan. 19, 1922)-v. 86, no. 27 (Apr. 10, 1947).</subfield></datafield><datafield ind1=" " ind2=" " tag="500"><subfield code="a">"Official village paper."</subfield></datafield><datafield ind1=" " ind2=" " tag="500"><subfield code="a">"Official newspaper for Shelter Island Township."</subfield></datafield><datafield ind1=" " ind2=" " tag="500"><subfield code="a">"Republican."</subfield></datafield><datafield ind1=" " ind2="0" tag="651"><subfield code="a">Sag Harbor (N.Y.)</subfield><subfield code="v">Newspapers.</subfield></datafield><datafield ind1=" " ind2="0" tag="651"><subfield code="a">Shelter Island (N.Y. : Town)</subfield><subfield code="v">Newspapers.</subfield></datafield><datafield ind1=" " ind2="0" tag="651"><subfield code="a">Suffolk County (N.Y.)</subfield><subfield code="v">Newspapers.</subfield></datafield><datafield ind1=" " ind2="7" tag="655"><subfield code="a">Newspapers.</subfield><subfield code="2">fast</subfield><subfield code="0">(OCoLC)fst01423814</subfield></datafield><datafield ind1=" " ind2="7" tag="651"><subfield code="a">New York (State)</subfield><subfield code="z">Sag Harbor.</subfield><subfield code="2">fast</subfield><subfield code="0">(OCoLC)fst01229282</subfield></datafield><datafield ind1=" " ind2="7" tag="651"><subfield code="a">New York (State)</subfield><subfield code="z">Shelter Island (Town)</subfield><subfield code="2">fast</subfield><subfield code="0">(OCoLC)fst01333177</subfield></datafield><datafield ind1=" " ind2="7" tag="651"><subfield code="a">New York (State)</subfield><subfield code="z">Suffolk County.</subfield><subfield code="2">fast</subfield><subfield code="0">(OCoLC)fst01207260</subfield></datafield><datafield ind1=" " ind2=" " tag="752"><subfield code="a">United States</subfield><subfield code="b">New York</subfield><subfield code="c">Suffolk</subfield><subfield code="d">Sag Harbor.</subfield></datafield><datafield ind1="0" ind2="0" tag="780"><subfield code="t">Sag-Harbor express</subfield><subfield code="w">(DLC)sn 83031600</subfield><subfield code="w">(OCoLC)9906677</subfield></datafield><datafield ind1="0" ind2="5" tag="780"><subfield code="t">Shelter Islander</subfield><subfield code="w">(DLC)sn 96083604</subfield><subfield code="w">(OCoLC)35329012</subfield></datafield><datafield ind1="0" ind2="0" tag="785"><subfield code="t">Sag Harbor express</subfield><subfield code="w">(DLC)sn 90066145</subfield><subfield code="w">(OCoLC)21488509</subfield></datafield></record>